% Encoding: UTF-8

@Article{NonSta,
  author  = {Charles Nelson and Charles Plosser},
  title   = {{t}rends and random walks in macroeconmic time series: {s}ome evidence and implications.},
  journal = {Journal of Monetary Economics},
  year    = {1982},
  volume  = {10},
  number  = {2},
  pages   = {139-162},
}

@Unpublished{locally,
  author = {R. Dahlaus},
  title  = {Locally Stationary Process},
  note   = {arxiv:1109.4174v2},
  year   = {2012},
}

@Book{NonLinDef,
  title     = {The econometrics of financial Markets},
  publisher = {Princeton, New Jersey, University Press},
  year      = {1997},
  author    = {Campbell J. Y., Lo A. W. and Mackinlay A. C.},
}

@Article{archEngle,
  author  = {Engle, R.},
  title   = {Autorregressive Conditional Heteroskedasticy with Estimates of United Kingdom Inflation},
  journal = {Econometrica},
  year    = {1982},
  volume  = {50},
  pages   = {987-1008},
}

@Conference{BoxJenkins,
  author    = {G.E.P. Box, G. Jenkins},
  title     = {Time Series Analysis, Forecasting and Control},
  booktitle = {Holden-Day, San Francisco},
  year      = {1970},
}

@Article{LSTM,
  author  = {Hochreiter S., Schmidhuber J.},
  title   = {Long Short-Term Memory},
  journal = {Neural Computation},
  year    = {1997},
  volume  = {9},
  pages   = {1735-1780},
}

@Article{Bengio,
  author  = {Bengio Y., Simard P., Frassconi P.},
  title   = {Learning Long-Term Depencies with Gradient Descent is Difficult},
  journal = {IEE Transactions on Neural Networks},
  year    = {1994},
  volume  = {5},
  number  = {2},
  pages   = {157-166},
}

@Article{GRU,
  author  = {Kyunghyun Cho, Bart van Merriënboer, Dzmitry Bahdanau, Yoshua Bengio},
  title   = {On the Properties of Neural Machine Translation: Encoder–Decoder Approaches},
  journal = {Proceedings of SSST-8, Eighth Workshop on Syntax, Semantics and Structure in Statistical Translation},
  year    = {2014},
  pages   = {103-111},
  month   = oct,
}

@Article{PerfLstmGru,
  author  = {J. Chung, C. Gulcehre, K. Cho, Y.Bengio},
  title   = {Empirical evaluation of gated recurrent neural networks on sequence modeling},
  journal = {NIPS 2014 Workshop on Deep Learning},
  year    = {2014},
  month   = dec,
}

@Article{AIForFinance,
  author  = {Calvalcante, Rodolfo C., Rodrigo C; Brasileiro, Victor L. P. Souza, Jarley P. Nobrega and Adriano L. I. Oliveira},
  title   = {Computational Intelligence and Financial Markets : A Survey and Future Directions},
  journal = {Expert Systems with Applications},
  year    = {2016},
  volume  = {55},
  pages   = {194-211},
}

@Comment{jabref-meta: databaseType:bibtex;}
